@book{A&NSupplements,
    title={UML 2 and the Unified Process, Supplements},
    author={Lone Borgersen},
    year={September 2011. Revised February 2017},
    keywords = {UML Supplements, Borgersen, Lone}
}

@book{A&N,
    title={UML 2 and the Unified Process, Second Edition},
    author={Jim Arlow and Ila Neustadt},
    isbn={0-321-32127-8},
    series={Practical Objekt-Oriented Analysis and Design},
    year={2005},
    publisher={Pearson Education, Inc. },
    keywords = {UML}
}

@online{mediator,
  title={Mediator Design Pattern},
  author={Sourcemaking.com},
  publisher={sourcemaking.com},
  howpublished="\url{https://sourcemaking.com/design_patterns/mediator/}",
  year={2017},
  note={Snippet fra bogen: Design Patterns Explained Simply.}
}

@online{organisation,
  title={Organisastion Design},
  author={Frank Rappa},
  publisher={chron.com},
  howpublished="\url{http://smallbusiness.chron.com/difference-between-vertical-horizontal-business-organizations-24915.html}",
  year={2017},
  note={refrencing the book: 
  	1. LearnManagement2.com: Tall Structure Organisation
	2. LearnManagement2.com: Flat Structure Organisation
	3. International Institute for Organization Research: Horizontal Organization: 	A Brief Survey}
}



